<record><leader>00000cas a2200000Ia 4500</leader><controlfield tag="001">32515994</controlfield><controlfield tag="008">950522u1932uuuuvaumr ne      0    0eng d</controlfield><datafield ind1=" " ind2=" " tag="010"><subfield code="a">sn 96096533 </subfield></datafield><datafield ind1=" " ind2=" " tag="040"><subfield code="a">VPI</subfield><subfield code="b">eng</subfield><subfield code="c">VPI</subfield><subfield code="d">NVK</subfield><subfield code="d">OCLCQ</subfield><subfield code="d">AGL</subfield><subfield code="d">OCLCQ</subfield><subfield code="d">OCLCF</subfield><subfield code="d">OCLCO</subfield></datafield><datafield ind1=" " ind2=" " tag="043"><subfield code="a">n-us-va</subfield></datafield><datafield ind1="0" ind2=" " tag="070"><subfield code="a">69.8</subfield><subfield code="b">T553</subfield></datafield><datafield ind1=" " ind2="0" tag="072"><subfield code="a">F120</subfield></datafield><datafield ind1=" " ind2=" " tag="090"><subfield code="a">SB273</subfield><subfield code="b">.T62</subfield></datafield><datafield ind1="0" ind2=" " tag="130"><subfield code="a">Tobacco grower (Farmville, Va.)</subfield></datafield><datafield ind1="1" ind2="4" tag="245"><subfield code="a">The Tobacco grower.</subfield></datafield><datafield ind1=" " ind2=" " tag="260"><subfield code="a">Farmville, Va. :</subfield><subfield code="b">Virginia Dark-Fired Tobacco Growers Association,</subfield><subfield code="c">1932-</subfield></datafield><datafield ind1=" " ind2=" " tag="300"><subfield code="a">v. :</subfield><subfield code="b">ill. ;</subfield><subfield code="c">45 cm.</subfield></datafield><datafield ind1=" " ind2=" " tag="310"><subfield code="a">Monthly</subfield></datafield><datafield ind1="0" ind2=" " tag="362"><subfield code="a">Vol. 1, no. 1 (Oct. 21, 1932)-</subfield></datafield><datafield ind1=" " ind2=" " tag="500"><subfield code="a">"Official monthly publication of the Virginia Dark-Fired Tobacco Growers Association."</subfield></datafield><datafield ind1=" " ind2=" " tag="580"><subfield code="a">Issued with: Virginia Farmer, Sept. 1946-</subfield></datafield><datafield ind1=" " ind2="0" tag="650"><subfield code="a">Tobacco</subfield><subfield code="z">Virginia</subfield><subfield code="v">Newspapers.</subfield></datafield><datafield ind1=" " ind2="0" tag="651"><subfield code="a">Farmville (Va.)</subfield><subfield code="v">Newspapers.</subfield></datafield><datafield ind1=" " ind2="7" tag="655"><subfield code="a">Newspapers.</subfield><subfield code="2">fast</subfield><subfield code="0">(OCoLC)fst01423814</subfield></datafield><datafield ind1=" " ind2="7" tag="650"><subfield code="a">Tobacco.</subfield><subfield code="2">fast</subfield><subfield code="0">(OCoLC)fst01432109</subfield></datafield><datafield ind1=" " ind2="7" tag="651"><subfield code="a">Virginia.</subfield><subfield code="2">fast</subfield><subfield code="0">(OCoLC)fst01204597</subfield></datafield><datafield ind1=" " ind2="7" tag="651"><subfield code="a">Virginia</subfield><subfield code="z">Farmville.</subfield><subfield code="2">fast</subfield><subfield code="0">(OCoLC)fst01226898</subfield></datafield><datafield ind1="2" ind2=" " tag="710"><subfield code="a">Virginia Dark-Fired Tobacco Growers Association.</subfield></datafield><datafield ind1=" " ind2=" " tag="752"><subfield code="a">United States</subfield><subfield code="b">Virginia</subfield><subfield code="c">Prince Edward</subfield><subfield code="d">Farmville.</subfield></datafield><datafield ind1="1" ind2=" " tag="777"><subfield code="t">Virginia Farmer</subfield><subfield code="w">(DLC)sn 97066526</subfield></datafield><datafield ind1=" " ind2=" " tag="850"><subfield code="a">DNAL</subfield></datafield></record>